<?xml version="1.0" encoding="UTF-8"?><collection><record><leader>06593ntm a2200625 a 4500</leader><controlfield tag="001">006806221</controlfield><controlfield tag="003">MiAaHDL</controlfield><controlfield tag="005">20190719000000.0</controlfield><controlfield tag="006">m        d        </controlfield><controlfield tag="007">cr bn ---auaua</controlfield><controlfield tag="008">090602s1823    xx            00| ||ara d</controlfield><datafield tag="035" ind1=" " ind2=" "><subfield code="a">(MiU)006806221</subfield></datafield><datafield tag="035" ind1=" " ind2=" "><subfield code="a">sdr-miu006806221</subfield></datafield><datafield tag="040" ind1=" " ind2=" "><subfield code="a">MiU</subfield><subfield code="c">MiU</subfield><subfield code="e">amremm</subfield></datafield><datafield tag="043" ind1=" " ind2=" "><subfield code="a">n-us-mi</subfield></datafield><datafield tag="100" ind1="1" ind2=" "><subfield code="6">880-01</subfield><subfield code="a">Rāzī, Fakhr al-Dīn Muḥammad ibn ʻUmar,</subfield><subfield code="d">1149 or 1150-1210.</subfield></datafield><datafield tag="240" ind1="1" ind2="0"><subfield code="6">880-02</subfield><subfield code="a">Mafātīḥ al-ghayb.</subfield><subfield code="p">Kalām fī Sūrat al-Fātiḥah</subfield></datafield><datafield tag="245" ind1="1" ind2="0"><subfield code="6">880-03</subfield><subfield code="a">Tafsīr Sūrat al-Fātiḥah nuqila min Tafsīr al-kabīr,</subfield><subfield code="f">[1238, i.e. 1823].</subfield></datafield><datafield tag="246" ind1="3" ind2=" "><subfield code="i">Title from inscription on front flyleaf (p.3):</subfield><subfield code="a">تفسير الفاتحة</subfield></datafield><datafield tag="260" ind1=" " ind2=" "><subfield code="c">[1823].</subfield></datafield><datafield tag="300" ind1=" " ind2=" "><subfield code="a">103 leaves :</subfield><subfield code="b">paper ;</subfield><subfield code="c">237 x 172 (179 x 115) mm.</subfield></datafield><datafield tag="500" ind1=" " ind2=" "><subfield code="a">Shelfmark: Ann Arbor, University of Michigan, Special Collections Library, Isl. Ms. 465</subfield></datafield><datafield tag="500" ind1=" " ind2=" "><subfield code="a">Origin: As appears in colophon on p.214, copied by Muḥammad ʻAlī with transcription completed 20 Shaʻbān 1238 [ca. 2 May 1823], likely for Muḥammad Saʻīd who is mentioned as owner in the colophon.</subfield></datafield><datafield tag="500" ind1=" " ind2=" "><subfield code="a">Accompanying materials: a. Acquisitions slip from Yahuda -- b. Inventory cataloguing slip in hand of Winifred Smeaton Thomas.</subfield></datafield><datafield tag="500" ind1=" " ind2=" "><subfield code="a">Former shelfmark: From inner front cover (upper doublure), front flyleaf (p.1), and spine label, "IL 55" (likely supplied by Yahuda, see acquisitions slip).</subfield></datafield><datafield tag="500" ind1=" " ind2=" "><subfield code="a">Binding: Pasteboards covered in dark red leather ; Type III binding (without flap) ; doublures in dark red leather ; upper and lower covers carry border in a series of tooled fillets ; inscriptions referring to contents in black ink ( "الفاتحة | فاتحة الكتاب" ) on upper cover ; sewn in cream thread, eight stations, sewn over narrow, thin cloth strips ; worked endbands in cream and pink, some damage ; overall in somewhat poor condition with significant staining, moisture damage, some lifting and losses of leather (at board corners especially), detached at spine (including lower cover), etc.</subfield></datafield><datafield tag="500" ind1=" " ind2=" "><subfield code="a">Support: non-European (likely Persian or Indian) laid paper with 8 laid lines per cm. (vertical, curved) and single chain lines spaced 28-30 mm. apart (horizontal, somewhat irregularly visible) ; thin and transluscent though sturdy, crisp, cloud formation, some inclusions, beige in color, well-burnished to glossy ; staining and tidelines.</subfield></datafield><datafield tag="500" ind1=" " ind2=" "><subfield code="a">Decoration: Keywords, section headings and abbreviation symbols (mainly stroke above words of interest) rubricated ; some overlining in red.</subfield></datafield><datafield tag="500" ind1=" " ind2=" "><subfield code="a">Script: Naskh ; elegant Persianate hand ; mainly serifless with very slight effect of tilt to the left, curvilinear descenders (some sweeping), occasional slight effect of words descending to baseline, many open counters, pointing (for two and three dots) mainly in distinct dots, some free assimilation of letters, bowl of final nūn somewhat wide with point set just down inside.</subfield></datafield><datafield tag="500" ind1=" " ind2=" "><subfield code="a">Layout: Written in 15 lines per page.</subfield></datafield><datafield tag="500" ind1=" " ind2=" "><subfield code="a">Collation: iv, 12 IV (96), IV-1 (103), iv ; almost exclusively quaternions ; catchwords present ; pagination in pencil, Western numerals, supplied during digitization (includes flyleaves).</subfield></datafield><datafield tag="500" ind1=" " ind2=" "><subfield code="a">Colophon: "Scribal," rectangular and triangular, reads "تم تفسير سورة الفاتحة نقل من تفسير الكبير للامام فخر الدين الرازي رحمة الله تعالى عليه بعون الله الوهاب عز ذكره في شهر شعبان فتحت فيه ابواب الجنان يوم الجمعة مضت منه عشرون يوما سنة ۱۲۳٨ الف وماتان وثمان ثلثون بعد هجرت النبي صلى الله عليه واله وامه ابيه رب اغفر وارحم لمن قرأ هذا الكتاب ونظر فيه ولكاتبه محمد علي ولمالكه مجازا محمد سعيد ولوالديه واحسن اليه واليهما تم"</subfield></datafield><datafield tag="500" ind1=" " ind2=" "><subfield code="a">Explicit: "بدليل قوله الست بربكم قالوا بلى وصفة الرحمن لوسط حالهم وصفة الملك لنهاية حالهم بدليل قوله لمن الملك اليوم لله الواحد القهار والله اعلم بالصواب واليه المرجع والمآب"</subfield></datafield><datafield tag="500" ind1=" " ind2=" "><subfield code="a">Incipit: "اللهم يا رب يا حي يا قيوم يا بديع ... الكلام في سورة الفاتحة وفي ذكر اسماء هذه السورة وفيه ابواب الباب الاول اعلم ان هذه السورة لها اسماء كثيرة ..."</subfield></datafield><datafield tag="500" ind1=" " ind2=" "><subfield code="a">Title from colophon on p.214.</subfield></datafield><datafield tag="500" ind1=" " ind2=" "><subfield code="a">Ms. codex.</subfield></datafield><datafield tag="510" ind1="4" ind2=" "><subfield code="a">Brit. Mus. Suppl.,</subfield><subfield code="c">111</subfield></datafield><datafield tag="510" ind1="4" ind2=" "><subfield code="a">Ḥājjī Khalīfah. Kashf al-ẓunūn,</subfield><subfield code="c">vi 5, no. 12516 ; ii 373, no. 3356</subfield></datafield><datafield tag="510" ind1="4" ind2=" "><subfield code="a">Brockelmann, C. GAL</subfield><subfield code="c">I 506 (III. / 6)</subfield></datafield><datafield tag="520" ind1="8" ind2=" "><subfield code="a">Fine copy of the commentary on Sūrat al-Fātiḥah taken from Fakhr al-Dīn al-Rāzī's (d.1210) great commentary on the Qurʼān, Mafātīḥ al-ghayb or al-Tafsīr al-kabīr.</subfield></datafield><datafield tag="538" ind1=" " ind2=" "><subfield code="a">Mode of access: Internet.</subfield></datafield><datafield tag="541" ind1=" " ind2=" "><subfield code="a">Acquired in 1926 from the bookseller Isaac Benjamin S.E. Yahuda via purchase transacted on his behalf by Abraham Shalom Yahuda (1877-1951), his younger brother.</subfield></datafield><datafield tag="546" ind1=" " ind2=" "><subfield code="a">Arabic.</subfield></datafield><datafield tag="561" ind1=" " ind2=" "><subfield code="a">Possible former owners' mark on 'title page' (p.9) in name of Aḥmad ibn al-Sayyid al-Shaykh Manṣūr al-Rifāʻī al-Madanī ( احمد ابن السيد الشيخ منصور الرفاعي المدني ) above what appears to be an effaced owners' mark ; ownership (and possible patronage) statement in name of Muḥammad Saʻīd provided in colophon (p.214), "...ولمالكه مجازا محمد سعيد ..." ; fairly clean copy.</subfield></datafield><datafield tag="630" ind1="0" ind2="0"><subfield code="a">Qurʼan</subfield><subfield code="x">Commentaries</subfield><subfield code="v">Early works to 1800.</subfield></datafield><datafield tag="630" ind1="0" ind2="0"><subfield code="a">Qurʼan.</subfield><subfield code="p">Sūrat al-Fātiḥah</subfield><subfield code="x">Commentaries</subfield><subfield code="v">Early works to 1800.</subfield></datafield><datafield tag="650" ind1=" " ind2="0"><subfield code="a">Manuscripts, Arabic</subfield><subfield code="z">Michigan</subfield><subfield code="z">Ann Arbor.</subfield></datafield><datafield tag="700" ind1="0" ind2=" "><subfield code="6">880-05</subfield><subfield code="a">Muḥammad Saʻīd,</subfield><subfield code="d">fl. 1823,</subfield><subfield code="e">former owner,</subfield><subfield code="e">patron.</subfield></datafield><datafield tag="700" ind1="0" ind2=" "><subfield code="6">880-04</subfield><subfield code="a">Muḥammad ʻAlī,</subfield><subfield code="d">fl. 1823,</subfield><subfield code="e">scribe.</subfield></datafield><datafield tag="773" ind1="0" ind2=" "><subfield code="a">Yahuda Collection.</subfield></datafield><datafield tag="880" ind1="0" ind2=" "><subfield code="6">700-05/</subfield><subfield code="a">محمد سعيد,</subfield><subfield code="e">مالك سابق,</subfield><subfield code="e">راع.</subfield></datafield><datafield tag="880" ind1="0" ind2=" "><subfield code="6">700-04/</subfield><subfield code="a">محمد علي,</subfield><subfield code="e">ناسخ.</subfield></datafield><datafield tag="880" ind1="1" ind2="0"><subfield code="6">245-03/</subfield><subfield code="a">تفسير سورة الفاتحة نقل من تفسير الكبير,</subfield><subfield code="f">[1238ه، 1823م].</subfield></datafield><datafield tag="880" ind1="1" ind2="0"><subfield code="6">240-02/</subfield><subfield code="a">مفاتيح الغيب.</subfield><subfield code="p">كلام في سورة الفاتحة</subfield></datafield><datafield tag="880" ind1="1" ind2=" "><subfield code="6">100-01/</subfield><subfield code="a">رازي، فخر الدين محمد ابن عمر.</subfield></datafield><datafield tag="CID" ind1=" " ind2=" "><subfield code="a">006806221</subfield></datafield><datafield tag="DAT" ind1="0" ind2=" "><subfield code="a">20190719102637.0</subfield><subfield code="b">20190719000000.0</subfield></datafield><datafield tag="DAT" ind1="1" ind2=" "><subfield code="a">20190719090653.0</subfield><subfield code="b">2019-07-19T16:11:33Z</subfield></datafield><datafield tag="DAT" ind1="2" ind2=" "><subfield code="a">2015-10-10T18:00:06Z</subfield></datafield><datafield tag="CAT" ind1=" " ind2=" "><subfield code="a">SDR-MIU</subfield><subfield code="d">EX LIBRIS - ALEPH</subfield><subfield code="l">prepare.pl-004-008</subfield></datafield><datafield tag="FMT" ind1=" " ind2=" "><subfield code="a">BK</subfield></datafield><datafield tag="HOL" ind1=" " ind2=" "><subfield code="0">sdr-miu006806221</subfield><subfield code="a">MiU</subfield><subfield code="b">SDR</subfield><subfield code="c">MIU</subfield><subfield code="p">mdp.39015079127711</subfield><subfield code="s">MIU</subfield><subfield code="1">006806221</subfield></datafield><datafield tag="974" ind1=" " ind2=" "><subfield code="b">MIU</subfield><subfield code="c">MIU</subfield><subfield code="d">20190719</subfield><subfield code="s">lit-dlps-dc</subfield><subfield code="u">mdp.39015079127711</subfield><subfield code="y">1823</subfield><subfield code="r">pd</subfield><subfield code="q">bib</subfield><subfield code="t">non-US bib date1 &lt; 1879</subfield></datafield></record></collection>